@Misc{STC89C51RC-en,
howpublished = {\url{http://www.stcmicro.com/datasheet/STC89C51RC-en.pdf}},
title = {STC89Cxx series MCU and STC89LExx series MCU Data Sheet},
author = {STC MCU Limited}
}
@Misc{files,
howpublished = {\url{http://www.qdkingst.com/cn/disc51}},
title = {KST-51单片机开发板配套资料},
author = {金沙滩工作室}
}
@Misc{sdcc,
howpublished = {\url{http://fivedots.coe.psu.ac.th/~cj/masd/resources/sdcc-doc/SDCCUdoc.html#toc5}},
title = {SDCC Compiler User Guide},
author = {Sandeep Dutta}
}
@phdthesis{patjoshi2010design,
  title={Design and implementation of embedded based elevator control system},
  author={Patjoshi, Rajesh},
  year={2010}
}

@Misc{alg,
howpublished = {\url{https://softwareengineering.stackexchange.com/a/331694}},
title = {What algorithm is used by elevators to find the shortest path to travel floor orders?},
author = {RemcoGerlich}
}

@book{textbook,
  author    = "宋雪松",
  title     = "手把手教你学51单片机(C语言版)",
  year      = "2020",
  publisher = "清华大学出版社",
}
